@incollection{GS08,
  title={Efficient non-interactive proof systems for bilinear groups},
  author={Groth, Jens and Sahai, Amit},
  booktitle={Advances in Cryptology--EUROCRYPT 2008},
  pages={415--432},
  year={2008},
  publisher={Springer}
}

@incollection{Joux00,
  title={A one round protocol for tripartite Diffie--Hellman},
  author={Joux, Antoine},
  booktitle={Algorithmic number theory},
  pages={385--393},
  year={2000},
  publisher={Springer}
}

@inproceedings{BF01,
  title={Identity-based encryption from the Weil pairing},
  author={Boneh, Dan and Franklin, Matt},
  booktitle={Advances in Cryptology—CRYPTO 2001},
  pages={213--229},
  year={2001},
  organization={Springer}
}

@incollection{BLS01,
  title={Short signatures from the Weil pairing},
  author={Boneh, Dan and Lynn, Ben and Shacham, Hovav},
  booktitle={Advances in Cryptology—ASIACRYPT 2001},
  pages={514--532},
  year={2001},
  publisher={Springer}
}

@inproceedings{GGH13a,
  title={Candidate Multilinear Maps from Ideal Lattices.},
  author={Garg, Sanjam and Gentry, Craig and Halevi, Shai},
  booktitle={Eurocrypt},
  volume={7881},
  pages={1--17},
  year={2013},
  organization={Springer}
}

@inproceedings{GGH13b,
  title={Candidate indistinguishability obfuscation and functional encryption for all circuits},
  author={Garg, Shelly and Gentry, Craig and Halevi, Shai and Raykova, Mariana and Sahai, Anant and Waters, Brent},
  booktitle={Foundations of Computer Science (FOCS), 2013 IEEE 54th Annual Symposium on},
  pages={40--49},
  year={2013},
  organization={IEEE}
}

@inproceedings{SW14,
  title={How to use indistinguishability obfuscation: deniable encryption, and more},
  author={Sahai, Amit and Waters, Brent},
  booktitle={Proceedings of the 46th Annual ACM Symposium on Theory of Computing},
  pages={475--484},
  year={2014},
  organization={ACM}
}

@techreport{MSZ16,
  title={Annihilation attacks for multilinear maps: Cryptanalysis of indistinguishability obfuscation over ggh13},
  author={Miles, Eric and Sahai, Amit and Zhandry, Mark},
  year={2016},
  institution={Cryptology ePrint Archive, Report 2016/147}
}

@article{Reg09,
  title={On lattices, learning with errors, random linear codes, and cryptography},
  author={Regev, Oded},
  journal={Journal of the ACM (JACM)},
  volume={56},
  number={6},
  pages={34},
  year={2009},
  publisher={ACM}
}

@incollection{CGH15,
  title={Zeroizing without low-level zeroes: New MMAP attacks and their limitations},
  author={Coron, Jean-S{\'e}bastien and Gentry, Craig and Halevi, Shai and Lepoint, Tancrede and Maji, Hemanta K and Miles, Eric and Raykova, Mariana and Sahai, Amit and Tibouchi, Mehdi},
  booktitle={Advances in Cryptology--CRYPTO 2015},
  pages={247--266},
  year={2015},
  publisher={Springer}
}

@misc{CJL16,
	title = {An Algorithm for NTRU Problems and Cryptanalysis of the GGH Multilinear Map without a low level encoding of zero},
    author = {Jung Hee Cheon, Jinhyuck Jeong, Changmin Lee},
    year = {2016},
    institution={Cryptology ePrint Archive, Report 2016/139}
}

@article{HJ15,
  title={Cryptanalysis of GGH Map.},
  author={Hu, Yupu and Jia, Huiwen},
  journal={IACR Cryptology ePrint Archive},
  volume={2015},
  pages={301},
  year={2015}
}

@article{CDPR15,
  title={Recovering Short Generators of Principal Ideals in Cyclotomic Rings.},
  author={Cramer, Ronald and Ducas, L{\'e}o and Peikert, Chris and Regev, Oded},
  journal={IACR Cryptology ePrint Archive},
  volume={2015},
  pages={313},
  year={2015}
}

@misc{GMS16,
  title={Obfuscation without the Vulnerabilities of Multilinear Maps},
  author={Garg, Sanjam and Mukherjee, Pratyay and Srinivasan, Akshayaram},
  year={2016},
  institution={Cryptology ePrint Archive, Report 2016/390}
}

@inproceedings{Bar86,
  title={Bounded-width polynomial-size branching programs recognize exactly those languages in NC 1},
  author={Barrington, David A},
  booktitle={Proceedings of the eighteenth annual ACM symposium on Theory of computing},
  pages={1--5},
  year={1986},
  organization={ACM}
}

@inproceedings{Kil88,
  title={Founding crytpography on oblivious transfer},
  author={Kilian, Joe},
  booktitle={Proceedings of the twentieth annual ACM symposium on Theory of computing},
  pages={20--31},
  year={1988},
  organization={ACM}
}

@article{BV14,
  title={Efficient fully homomorphic encryption from (standard) LWE},
  author={Brakerski, Zvika and Vaikuntanathan, Vinod},
  journal={SIAM Journal on Computing},
  volume={43},
  number={2},
  pages={831--871},
  year={2014},
  publisher={SIAM}
}

@incollection{GSW13,
  title={Homomorphic encryption from learning with errors: Conceptually-simpler, asymptotically-faster, attribute-based},
  author={Gentry, Craig and Sahai, Amit and Waters, Brent},
  booktitle={Advances in Cryptology--CRYPTO 2013},
  pages={75--92},
  year={2013},
  publisher={Springer}
}

@inproceedings{GGSW13,
  title={Witness encryption and its applications},
  author={Garg, Sanjam and Gentry, Craig and Sahai, Amit and Waters, Brent},
  booktitle={Proceedings of the forty-fifth annual ACM symposium on Theory of computing},
  pages={467--476},
  year={2013},
  organization={ACM}
}
